<?xml version="1.0" encoding="UTF-8"?><record xmlns="http://www.loc.gov/MARC21/slim" xmlns:cinclude="http://apache.org/cocoon/include/1.0" xmlns:zs="http://www.loc.gov/zing/srw/">
  <leader>00528nz  a2200133n  4500</leader>
  <controlfield tag="001">no2005060169</controlfield>
  <controlfield tag="003">DLC</controlfield>
  <controlfield tag="005">20050701052217.0</controlfield>
  <controlfield tag="008">050623n| acannaabn          |n aaa     c</controlfield>
  <datafield tag="010" ind1=" " ind2=" ">
    <subfield code="a">no2005060169</subfield>
  </datafield>
  <datafield tag="035" ind1=" " ind2=" ">
    <subfield code="a">(OCoLC)oca06669578</subfield>
  </datafield>
  <datafield tag="040" ind1=" " ind2=" ">
    <subfield code="a">PSt</subfield>
    <subfield code="b">eng</subfield>
    <subfield code="c">PSt</subfield>
  </datafield>
  <datafield tag="100" ind1="1" ind2=" ">
    <subfield code="a">Larsson, Josefin,</subfield>
    <subfield code="d">1975-</subfield>
  </datafield>
  <datafield tag="670" ind1=" " ind2=" ">
    <subfield code="a">Aiming for change, 2004:</subfield>
    <subfield code="b">t.p. (Josefin Larsson) cover flap (b. 1975, has taught political theory at the Dept. of Social and Political Sciences, OĚrebro Univ. She has a B.S. in economic history and a M.A. in political science)</subfield>
  </datafield>
</record>